<record><leader>00000cas a22000007a 4500</leader><controlfield tag="001">14249992</controlfield><controlfield tag="008">860922d19uu19uutxuwr ne      0    0eng d</controlfield><datafield ind1=" " ind2=" " tag="010"><subfield code="a">sn 86089179 </subfield></datafield><datafield ind1=" " ind2=" " tag="040"><subfield code="a">PPM</subfield><subfield code="b">eng</subfield><subfield code="c">PPM</subfield><subfield code="d">OCLCQ</subfield></datafield><datafield ind1=" " ind2=" " tag="042"><subfield code="a">msc</subfield></datafield><datafield ind1="0" ind2="4" tag="245"><subfield code="a">The Trinity County star and Groveton times.</subfield></datafield><datafield ind1="1" ind2="3" tag="246"><subfield code="a">Trinity County star</subfield></datafield><datafield ind1=" " ind2=" " tag="260"><subfield code="a">Groveton, Tex. :</subfield><subfield code="b">W.C. O'Bryan</subfield></datafield><datafield ind1=" " ind2=" " tag="300"><subfield code="a">v. :</subfield><subfield code="b">ill.</subfield></datafield><datafield ind1=" " ind2=" " tag="310"><subfield code="a">Weekly</subfield></datafield><datafield ind1=" " ind2=" " tag="500"><subfield code="a">Continues numbering of: Trinity County Star.</subfield></datafield><datafield ind1=" " ind2=" " tag="588"><subfield code="a">Description based on: Vol. 20, no. 36 (July 19, 1918).</subfield></datafield><datafield ind1=" " ind2=" " tag="752"><subfield code="a">United States</subfield><subfield code="b">Texas</subfield><subfield code="c">Trinity</subfield><subfield code="d">Groveton.</subfield></datafield><datafield ind1="0" ind2="4" tag="780"><subfield code="t">Trinity County star</subfield><subfield code="w">(DLC)sn 86088432</subfield></datafield><datafield ind1="0" ind2="4" tag="780"><subfield code="t">Groveton times</subfield></datafield></record>